@inbook{pl2text,
  author  = {高田 喜朗},
  chapter = {1},
  title   = {情報学群実験第2テキスト},
  address = {\\ \url{http://www.info.kochi-tech.ac.jp/y-takata/pl2/part1/hellohex.html}},
  year    = {2022}
}